@article{shear,
file = {:C$\backslash$:/Users/shrey/AppData/Local/Mendeley Ltd./Mendeley Desktop/Downloaded/Unknown - 2016 - Sheath-based rollable lenticular-shaped and low-stiction composite boom.pdf:pdf},
month = {aug},
title = {{Sheath-based rollable lenticular-shaped and low-stiction composite boom}},
howpublished = "\url{https://patents.google.com/patent/US9863148B2/en}",
year = {2016}
}
@misc{dlr,
title = {{DLR - Institute of Space Systems - Deployable Structures}},
howpublished = "\url{https://www.dlr.de/irs/en/desktopdefault.aspx/tabid-11274/{\#}gallery/27484}",
urldate = {2018-12-14}
}
@misc{Azomaterials,
author = {{Azo materials}},
title = {{Copper Berrilium Properties}},
 howpublished = "\url{https://www.azom.com/properties.aspx?ArticleID=60}"
}
@article{Budiansky,
author = {Budiansky, Bernard},
doi = {10.1016/S0065-2156(08)70030-9},
journal = {Adv Appl Mech},
title = {{Theory of Buckling and Post-Buckling Behavior of Elastic Structures}},
volume = {14},
year = {1974}
}
@inbook{calladine_1983,
author = {Calladine, C R},
booktitle = {Theory of Shell Structures},
doi = {10.1017/CBO9780511624278.008},
pages = {188--216},
publisher = {Cambridge University Press},
title = {{Displacements of elastic shells stressed according to the membrane hypothesis}},
year = {1983}
}
@misc{EoPortal,
author = {EoPortal},
title = {{AlSat Nano (Algerian Nanosatellite)/AlSat-1N}},
howpublished = "\url{https://directory.eoportal.org/web/eoportal/satellite-missions/a/alsat-nano},
urldate = {2019-01-10}
}
@misc{ESA,
author = {ESA},
title = {{DeOrbitSail mission}},
howpublished = "\url{https://earth.esa.int/web/eoportal/satellite-missions/d/deorbitsail}"
}
@article{Evangelatos2011,
author = {Evangelatos, Georgios I. and Spanos, Pol D.},
file = {:C$\backslash$:/Users/shrey/AppData/Local/Mendeley Ltd./Mendeley Desktop/Downloaded/Evangelatos, Spanos - 2011 - Mechanics of Materials and Structures.pdf:pdf},
journal = {Journal of Mechanics of Materials and Structures},
number = {7-8},
pages = {1171--1195},
title = {{Mechanics of Materials and Structures}},
volume = {6},
year = {2011}
}
@article{Fernandez2013,
author = {Fernandez, J and Schenk, Mark and Prassinos, G and Lappas, V and Erb, S.O.},
doi = {10.4038/tapro.v2i1.2703},
file = {:D$\backslash$:/New folder (2)/OneDrive for Business/year 4/FYP/mendeley papers/schenk gossamer.pdf:pdf},
issn = {1800-427X},
journal = {15th European Space Mechanisms and Tribology Symposium 2013},
number = {September},
pages = {1--8},
title = {{Deployment Mechanisms of a Gossamer Satellite Deorbiter}},
url = {http://www.esmats.eu/esmatspapers/pastpapers/pdfs/2013/fernandez.pdf},
year = {2013}
}
@article{Fernandez2017,
author = {Fernandez, Juan M},
doi = {10.1378/chest.14-0183},
file = {:D$\backslash$:/New folder (2)/OneDrive for Business/year 4/FYP/mendeley papers/fernandez 2017.pdf:pdf},
issn = {00123692},
journal = {International Symposium on Solar Sailing 2017},
keywords = {Structural design,booms,composite materials,deep space,deployment,fabrication,laminates,low cost,small satellite technology,solar sails,spacecraft propulsion,thin walls,torsion},
number = {January},
pmid = {24810971},
title = {{Advanced Deployable Shell-Based Composite Booms for Small Satellite Structural Applications Including Solar Sails}},
url = {https://ntrs.nasa.gov/search.jsp?R=20170001569{\%}5Cnhttp://hdl.handle.net/2060/20170001569},
volume = {1},
year = {2017}
}
@article{Footdale2014,
author = {Footdale, Joseph N and Murphey, Thomas W},
file = {:D$\backslash$:/New folder (2)/OneDrive for Business/year 4/FYP/mendeley papers/footdale2014.pdf:pdf},
pages = {497--510},
title = {{Mechanism Design and Testing of a Self-Deploying Structure Using Flexible Composite Tape Springs}},
year = {2014}
}
@article{Thomson2018,
author = {Harris, Charles E.},
file = {:C$\backslash$:/Users/shrey/AppData/Local/Mendeley Ltd./Mendeley Desktop/Downloaded/Thomson - 2018 - N94. 33317.pdf:pdf},
pages = {323--338},
title = {{Survey of Breakthrough Materials}},
year = {2000}
}
@article{Hillebrandt2017,
author = {Hillebrandt, Martin F},
file = {:D$\backslash$:/New folder (2)/OneDrive for Business/year 4/FYP/mendeley papers/belvin2017.pdf:pdf},
journal = {NASA technical server report},
number = {1},
pages = {1--12},
title = {{ADVANCED DEPLOYABLE STRUCTURAL SYSTEMS FOR SMALL SATELLITES}},
volume = {2},
year = {2017}
}
@article{Hoskin2015,
author = {Hoskin, Adam},
doi = {10.2514/6.2015-0207},
file = {:D$\backslash$:/New folder (2)/OneDrive for Business/year 4/FYP/mendeley papers/hoskin2015.pdf:pdf},
number = {January},
pages = {1--10},
title = {{Blossoming of Coiled Deployable Booms}},
volume = {1},
year = {2015}
}
@misc{Murphey2011,
author = {Murphey, Thomas W and Banik, Jeremy and Brien, Matt O},
file = {:D$\backslash$:/New folder (2)/OneDrive for Business/year 4/FYP/mendeley papers/trac{\_}patent.pdf:pdf},
institution = {US Air Force technology transfer program office},
title = {{Triangular rollable and collapsable boom-Patent technology summary}},
year = {2011}
}
@misc{NASA,
author = {NASA},
title = {{Deployer boom design}},
howpublished = "\url{https://ntrs.nasa.gov/archive/nasa/casi.ntrs.nasa.gov/19700030293.pdf}"
}
@article{Natori2013,
author = {Natori, M. C. and Katsumata, Nobuhisa and Okuizumi, Nobukatsu and Watanabe, Akihito and Yamakawa, Hiroshi},
doi = {10.2514/6.2013-1596},
file = {:D$\backslash$:/New folder (2)/OneDrive for Business/year 4/FYP/mendeley papers/natori 2013.pdf:pdf},
isbn = {978-1-62410-223-3},
issn = {02734508},
journal = {54th AIAA/ASME/ASCE/AHS/ASC Structures, Structural Dynamics, and Materials Conference},
pages = {3--4},
title = {{Deployable Membrane Structures with Rolled-up Booms and Their Deployment Characteristics}},
url = {http://arc.aiaa.org/doi/10.2514/6.2013-1596},
year = {2013}
}
@techreport{NorthropGrummana,
author = {{Northrop Grumman}},
file = {:D$\backslash$:/New folder (2)/OneDrive for Business/year 4/FYP/mendeley papers/STEM{\_}Hardware{\_}Programs.pdf:pdf},
title = {{STEM Products {\&} Programs STEM â„¢ ( Storable Tubular Extendible Member )}}
}
@misc{NorthropGrumman,
author = {{Northrop Grumman}},
title = {{Storable Tubular Extendable Member}},
howpublished = "\url{http://www.northropgrumman.com/BusinessVentures/AstroAerospace/Products/Pages/STEM.aspx}",
urldate = {2018-12-14}
}
@article{Oberst2018,
author = {Oberst, S. and Tuttle, S. L. and Griffin, D. and Lambert, A. and Boyce, R. R.},
doi = {10.1016/j.jsv.2018.01.014},
file = {:D$\backslash$:/New folder (2)/OneDrive for Business/year 4/FYP/mendeley papers/oberst 2017.pdf:pdf},
issn = {10958568},
journal = {Journal of Sound and Vibration},
keywords = {Damping,Doubly curved shell,Multi-stage model updating,Open cylinder,Vibration testing},
pages = {558--570},
title = {{Experimental validation of tape springs to be used as thin-walled space structures}},
volume = {419},
year = {2018}
}
@misc{Oxfordspacesystems,
author = {Oxford space systems},
title = {{Home - Oxford Space Systems}},
howpublished = "\url{https://oxford.space/{\#}s-technology}",
urldate = {2019-01-21}
}
@article{Pellegrino2005,
archivePrefix = {arXiv},
arxivId = {arXiv:1011.1669v3},
author = {Pellegrino, Sergio},
doi = {10.2514/6.2005-1934},
eprint = {arXiv:1011.1669v3},
file = {:D$\backslash$:/New folder (2)/OneDrive for Business/year 4/FYP/mendeley papers/pellegrino 2005.pdf:pdf},
isbn = {978-1-62410-065-9},
issn = {02734508},
journal = {46th AIAA/ASME/ASCE/AHS/ASC Structures, Structural Dynamics and Materials Conference},
number = {April},
pages = {1--8},
pmid = {15003161},
title = {{Bistable Shell Structures}},
url = {http://arc.aiaa.org/doi/10.2514/6.2005-1934},
year = {2005}
}
@misc{Rolatube,
author = {Rolatube},
title = {{Space Technology | RolaTube}},
howpublished = "\url{http://www.rolatube.com/satellite-deployment-booms/}",
urldate = {2019-01-16}
}
@article{Roybal2007,
author = {Roybal, Francisco and Banik, Jeremy and Murphey, Thomas},
doi = {10.2514/6.2007-1838},
file = {:D$\backslash$:/New folder (2)/OneDrive for Business/year 4/FYP/mendeley papers/roybal 2-11.pdf:pdf},
isbn = {978-1-62410-013-0},
issn = {02734508},
journal = {48th AIAA/ASME/ASCE/AHS/ASC Structures, Structural Dynamics, and Materials Conference},
number = {April},
pages = {1--14},
title = {{Development of an Elastically Deployable Boom for Tensioned Planar Structures}},
url = {http://arc.aiaa.org/doi/10.2514/6.2007-1838},
year = {2007}
}
@article{Seffen1999,
author = {Seffen, By K A},
file = {:D$\backslash$:/New folder (2)/OneDrive for Business/year 4/FYP/papers{\_}ABAQUS/pelegrino1998.pdf:pdf},
keywords = {deployable structures,dynamics,flexible body dynamics,shell structures,springs},
pages = {1003--1048},
title = {{Deployment dynamics of tape springs}},
year = {1999}
}
@article{Seffen2019,
author = {Seffen, K A and Wang, B and Guest, S D},
doi = {10.1016/j.jmps.2018.09.017},
file = {:D$\backslash$:/New folder (2)/OneDrive for Business/year 4/FYP/papers{\_}ABAQUS/ploylength.pdf:pdf},
issn = {0022-5096},
journal = {Journal of the Mechanics and Physics of Solids},
keywords = {Tape-springs,Composite,Orthotropic,Folding,Large displacements,Elastic},
pages = {138--148},
publisher = {Elsevier Ltd},
title = {{Journal of the Mechanics and Physics of Solids Folded orthotropic tape-springs}},
url = {https://doi.org/10.1016/j.jmps.2018.09.017},
volume = {123},
year = {2019}
}
@article{Tilo,
author = {Tilo, Schmidt and Seifart, Klaus and Burger, Franz and Eder, Josef},
file = {:D$\backslash$:/New folder (2)/OneDrive for Business/year 4/FYP/mendeley papers/schmidt2003.pdf:pdf},
title = {{In orbit bonding of orbital structures}}
}
@article{Walker2007,
author = {Walker, S J I and Aglietti, G S},
doi = {10.1243/09544100JAERO209},
file = {:D$\backslash$:/New folder (2)/OneDrive for Business/year 4/FYP/mendeley papers/tapespringtheory.pdf:pdf},
keywords = {curvature,deployable structures,tape spring,three-dimensional fold},
pages = {313--326},
title = {{A study of tape spring fold curvature for space deployable}},
volume = {221},
year = {2007}
}
@article{Wu2018,
author = {Wu, C and Viquerat, A},
doi = {10.1016/j.compstruct.2018.01.029},
file = {:D$\backslash$:/New folder (2)/OneDrive for Business/year 4/FYP/mendeley papers/wu 2018.pdf:pdf},
number = {January},
pages = {347--355},
title = {{Computational and experimental study on dynamic instability of extended bistable carbon / epoxy booms subjected to bending}},
volume = {188},
year = {2018}
}
@article{Wu2016,
author = {Wu, Chenchen and Viquerat, Andrew and Aglietti, Guglielmo},
doi = {10.2514/6.2016-1472},
file = {:D$\backslash$:/New folder (2)/OneDrive for Business/year 4/FYP/mendeley papers/chenchen2016.pdf:pdf},
isbn = {978-1-62410-394-0},
journal = {3rd AIAA Spacecraft Structures Conference},
number = {January},
title = {{Natural Frequency Optimization and Stability Analysis of Bistable Carbon Fiber Reinforced Plastic Booms for Space Applications}},
url = {http://arc.aiaa.org/doi/10.2514/6.2016-1472},
year = {2016}
}
@article{Yang2018,
author = {Yang, Liuyi and Tan, Huifeng and Cao, Zongsheng},
doi = {10.1016/j.compstruct.2018.02.085},
file = {:D$\backslash$:/New folder (2)/OneDrive for Business/year 4/FYP/papers{\_}ABAQUS/Modeling and analysis of the ploy region of bistable composite cylindrical shells.pdf:pdf},
issn = {0263-8223},
journal = {Composite Structures},
keywords = {Bistable,Deployable structures,Ploy region,Woven composites},
number = {January},
pages = {347--354},
publisher = {Elsevier},
title = {{Modeling and analysis of the ploy region of bistable composite cylindrical shells}},
url = {https://doi.org/10.1016/j.compstruct.2018.02.085},
volume = {192},
year = {2018}
}
@misc{ABAQUS,
author = {{DASSAULT Systemes}},
title = {{ABAQUS UNIFIED FEA}}, 
howpublished="\url{https://www.3ds.com/products-services/simulia/products/abaqus/}"
}
@misc{web:lang:stats,
  author = {W3Techs},
  title = {Usage Statistics of Content Languages
           for Websites},
  year = {2017},
  note = {Last accessed 16 September 2017},
  url = {http://w3techs.com/technologies/overview/content_language/all}
}